<?xml version="1.0" encoding="UTF-8"?><collection xmlns="http://www.loc.gov/MARC21/slim"><record><leader>00545nam--2200217-u-4500</leader><controlfield tag="001">000050338</controlfield><controlfield tag="002">20161230</controlfield><controlfield tag="003">81289</controlfield><controlfield tag="005">20170228120202</controlfield><controlfield tag="008">070111s1000------------r-----000-0-rum-d</controlfield><datafield ind1=" " ind2=" " tag="020"><subfield code="a">9739236596</subfield></datafield><datafield ind1=" " ind2=" " tag="040"><subfield code="a">IFIN-HH</subfield></datafield><datafield ind1=" " ind2=" " tag="041"><subfield code="a">rum</subfield></datafield><datafield ind1=" " ind2=" " tag="080"><subfield code="a">52-52</subfield></datafield><datafield ind1="1" ind2=" " tag="100"><subfield code="a">Hasegan, D</subfield></datafield><datafield ind1="1" ind2="0" tag="245"><subfield code="a">Radiatiile cosmice si experiente spatiale romanesti</subfield><subfield code="c">D. Hasegan</subfield></datafield><datafield ind1=" " ind2=" " tag="260"><subfield code="a">Bucuresti</subfield><subfield code="b">Fundatia Stiinta Si Tehnica</subfield><subfield code="c">2001</subfield></datafield><datafield ind1=" " ind2=" " tag="300"><subfield code="a">200 p</subfield></datafield><datafield ind1=" " ind2="4" tag="650"><subfield code="a">Radiatii cosmice</subfield></datafield><datafield ind1=" " ind2=" " tag="852"><subfield code="c">521/522</subfield></datafield><datafield ind1=" " ind2=" " tag="CAT"><subfield code="a">SYS</subfield><subfield code="c">20170228</subfield><subfield code="h">120202</subfield></datafield></record></collection>